@mastersthesis{ntnu,
author = {B\aa rd S\o rng\aa rd},
title = {Information Theory for Analyzing Neural Networks},
school = {Norwegian University of Science and Technology},
year = {2014},
url = {https://daim.idi.ntnu.no/masteroppgaver/011/11773/masteroppgave.pdf}
}

@article{DBLP:journals/corr/Shwartz-ZivT17,
  author    = {Ravid Shwartz{-}Ziv and
               Naftali Tishby},
  title     = {Opening the Black Box of Deep Neural Networks via Information},
  journal   = {CoRR},
  volume    = {abs/1703.00810},
  year      = {2017},
  url       = {http://arxiv.org/abs/1703.00810},
  archivePrefix = {arXiv},
  eprint    = {1703.00810},
  timestamp = {Wed, 07 Jun 2017 14:40:15 +0200},
  biburl    = {https://dblp.org/rec/bib/journals/corr/Shwartz-ZivT17},
  bibsource = {dblp computer science bibliography, https://dblp.org}
}

@unpublished{weather,
author = {Mohamad Aljazaery, Ahmed Cheikh Sidiya, Mohammad Reza Khalghani},
title = {Final Report: Weather Forecast},
note = {Unpublished graduate school paper},
year = {2016}
}